@article{Turing1936,
  added-at = {2011-12-15T17:25:32.000+0100},
  author = {Turing, Alan M.},
  biburl = {http://www.bibsonomy.org/bibtex/297ba9ab572e2017ce1dd25da3af837af/djain},
  interhash = {8ac1f5e961ff74849ab6f0c7348b9c9c},
  intrahash = {97ba9ab572e2017ce1dd25da3af837af},
  journal = {Proceedings of the London Mathematical Society},
  keywords = {logic},
  pages = {230--265},
  series = 2,
  timestamp = {2011-12-15T17:25:32.000+0100},
  title = {On Computable Numbers, with an application to the
Entscheidungsproblem},
  volume = 42,
  year = 1936
}
@article{Fuegi:2003:LBC:1435605.1436041,
 author = {Fuegi, John and Francis, Jo},
 title = {Lovelace \& Babbage and the Creation of the 1843 'Notes'},
 journal = {IEEE Ann. Hist. Comput.},
 issue_date = {October 2003},
 volume = {25},
 number = {4},
 month = oct,
 year = {2003},
 issn = {1058-6180},
 pages = {16--26},
 numpages = {11},
 url = {http://dx.doi.org/10.1109/MAHC.2003.1253887},
 doi = {10.1109/MAHC.2003.1253887},
 acmid = {1436041},
 publisher = {IEEE Educational Activities Department},
 address = {Piscataway, NJ, USA},
} 
@book{swedin2005computers,
  title={Computers: The Life Story Of A Technology},
  author={Swedin, E.G. and Ferro, D.L.},
  isbn={9780313331497},
  lccn={04028174},
  series={Greenwood Technographies},
  url={http://books.google.ru/books?id=c1QbNtTz4CYC},
  year={2005},
  publisher={Greenwood Press}
}
@misc{
    redmonk12,
    author = "Stephen O'Grady",
    title = "The RedMonk Programming Language Rankings: February 2012",
    howpublished = "Website",
    year = {2012},
    note = {\url{http://redmonk.com/sogrady/2012/02/08/language-rankings-2-2012/}}
}
@misc{
    ohloh12,
    author = "Black Duck",
    title = "Compare Languages",
    howpublished = "Website",
    year = {2012},
    note = {\url{http://www.ohloh.net/languages/compare}}
}
@misc{
    tiobe12,
    author = {TIOBE Software},
    title = "TIOBE Programming Community Index for January 2013",
    howpublished = "Website",
    year = {2012},
    note = {\url{http://www.tiobe.com/index.php/content/paperinfo/tpci/index.html}}
}

@misc{
    conwaystat10,
    author = "Drew Conway",
    title = "Ranking the popularity of programming languages",
    howpublished = "Website",
    year = {2010},
    note = {\url{http://www.dataists.com/2010/12/ranking-the-popularity-of-programming-langauges/}}
}
@misc{
    avtora6,
    author = "Юрий Полунов",
    title = "Автора ! ! !",
    howpublished = "Website",
    year = {2006},
    note = {\url{http://www.pcweek.ru/themes/detail.php?ID=72606&phrase_id=204737}}
}
@ARTICLE{4640530,
author={Schmitt, William F.},
journal={Annals of the History of Computing}, title={The UNIVAC SHORT CODE},
year={1988},
month={jan.-march },
volume={10},
number={1},
pages={7 -18},
keywords={Computer languages;Computer science;Equations;History;Mathematical programming;Programming profession;},
doi={10.1109/MAHC.1988.10004},
ISSN={0164-1239},}

@inproceedings{Mashey:1976:UCL:800253.807670,
 author = {Mashey, J. R.},
 title = {Using a command language as a high-level programming language},
 booktitle = {Proceedings of the 2nd international conference on Software engineering},
 series = {ICSE '76},
 year = {1976},
 location = {San Francisco, California, USA},
 pages = {169--176},
 numpages = {8},
 url = {http://dl.acm.org/citation.cfm?id=800253.807670},
 acmid = {807670},
 publisher = {IEEE Computer Society Press},
 address = {Los Alamitos, CA, USA},
 keywords = {Command interpreters, Command languages, UNIX},
} 
@article{Ramey:1994:WGB:324681.324694,
 author = {Ramey, Chet},
 title = {What's GNU: Bash-The GNU Shell},
 journal = {Linux J.},
 issue_date = {August 1994},
 volume = {1994},
 number = {4es},
 month = aug,
 year = {1994},
 issn = {1075-3583},
 articleno = {13},
 url = {http://dl.acm.org/citation.cfm?id=324681.324694},
 acmid = {324694},
 publisher = {Belltown Media},
 address = {Houston, TX},
} 
@book{ babbage22,
contributor = {Charles Babbage and Henry P. Babbage},
contentTitle = {Note on the Application of Machinery to the Computation of Astronomical and Mathematical Tables},
author = {Charles Babbage and Henry P. Babbage},
bookTitle = {Babbage's Calculating Engines},
publisher = {Cambridge University Press},
year = {2010},
url ={http://ebooks.cambridge.org//chapter.jsf?bid=CBO9780511694721&cid=CBO9780511694721A017}
}
@book{wall2008,
  title={Программирование на Perl: [пер. с англ.]},
  author={Уолл, Л. and Кристиансен, Т. and Орвант, Д.},
  isbn={9785932860205},
  url={http://books.google.ru/books?id=KdyVOAAACAAJ},
  year={2008},
  publisher={Символ-Плюс}
}
@book{flanagan2008ruby,
  title={The Ruby Programming Language},
  author={Flanagan, D. and Matsumoto, Y.},
  isbn={9780596516178},
  lccn={2008297501},
  series={Oreilly Series},
  url={http://books.google.ru/books?id=jcUbTcr5XWwC},
  year={2008},
  publisher={O'Reilly Media, Incorporated}
}
@book{Kernighan:1988:CPL:576122,
 author = {Kernighan, Brian W.},
 editor = {Ritchie, Dennis M.},
 title = {The  C Programming Language},
 year = {1988},
 isbn = {0131103709},
 edition = {2nd},
 publisher = {Prentice Hall Professional Technical Reference},
} 

@inproceedings{DBLP:conf/hopl/Stroustrup93,
  author    = {Bjarne Stroustrup},
  title     = {A History of C++: 1979-1991},
  booktitle = {HOPL Preprints},
  year      = {1993},
  pages     = {271-297},
  ee        = {http://doi.acm.org/10.1145/154766.155375},
  bibsource = {DBLP, http://dblp.uni-trier.de}
}
@book{biancuzzi2009masterminds,
  title={Masterminds of Programming: Conversations with the Creators of Major Programming Languages},
  author={Biancuzzi, F.},
  isbn={9780596515171},
  lccn={2010459176},
  series={Theory in Practice (o'Reilly) Series},
  url={http://books.google.ru/books?id=yB1WwURwBUQC},
  year={2009},
  publisher={O'Reilly Media}
}
@misc{
    objc-hist,
    author = "Singh Amit",
    title = "A Brief History of Mac OS X",
    howpublished = "Website",
    year = {2003 },
    note = {\url{http://osxbook.com/book/bonus/ancient/whatismacosx/history.html}}
}
@misc{
    cw-awk,
    author = "Naomi Hamilton",
    title = "The A-Z of Programming Languages: AWK",
    howpublished = "Website",
    year = {2008},
    note = {\url{http://www.computerworld.com.au/article/216844/a-z_programming_languages_awk/}}
}
@misc{
    cw-python,
    author = "Naomi Hamilton",
    title = "The A-Z of Programming Languages: Python",
    howpublished = "Website",
    year = {2008},
    note = {\url{http://www.computerworld.com.au/article/255835/a-z_programming_languages_python/}}
}
@misc{
	lih_perlpython,
   author = "Nick",
    title = "Причины популярности PHP на фоне Perl Web Frameworks",
    howpublished = "Website",
    year = {2009},
    note = {\url{http://laziness-impatience-hubris.blogspot.ru/2009/07/php-perl-web-frameworks.html/}}
}